@misc{PapaNotes,
author="R. Marinelli",
title="Relativistic Quantum Mechanics Notes",
howpublished="\url{https://rikimachine99.github.io/university/lectures_notes/master/#rqm}"
}

@misc{qftciotta,
author="D. Tong",
title="Lectures on Quantum Field Theory",
howpublished="\url{http://www.damtp.cam.ac.uk/user/tong/qft.html}"
}

@misc{gruppi,
author="Amicucci, F. and D'Errigo, M.",
title="Group Theory in Mathematical Physics",
howpublished="\url{https://www.overleaf.com/read/hhbfwtrfbrdf}"
}

@book{mencuccini,
author="Mencuccini, C. and Silvestrini, V.",
title="Fisica-Elettromagnetismo e Ottica",
year="2017",
publisher="Zanichelli"
}

@book{schwartz,
author="Schwartz, M. D.",
title="Quantum Field Theory and the Standard Model",
year="2014",
publisher="Cambridge University Press"
}

@misc{tensori,
author="Bonciani, R.",
title="Vectors and Tensors",
howpublished="\url{https://www.roma1.infn.it/~boncianr/vectors.pdf}"
}

@misc{scattering,
author="Bonciani, R.",
title="Electron-positron scattering",
howpublished="\url{https://www.roma1.infn.it/~boncianr/qed.pdf}"
}